%YAML 1.1
%TAG !u! tag:unity3d.com,2011:
--- !u!1 &2782759640600044569
GameObject:
  m_ObjectHideFlags: 0
  m_CorrespondingSourceObject: {fileID: 0}
  m_PrefabInstance: {fileID: 0}
  m_PrefabAsset: {fileID: 0}
  serializedVersion: 6
  m_Component:
  - component: {fileID: 4502870388826249833}
  m_Layer: 10
  m_Name: MuzzlePos
  m_TagString: Untagged
  m_Icon: {fileID: 0}
  m_NavMeshLayer: 0
  m_StaticEditorFlags: 0
  m_IsActive: 1
--- !u!4 &4502870388826249833
Transform:
  m_ObjectHideFlags: 0
  m_CorrespondingSourceObject: {fileID: 0}
  m_PrefabInstance: {fileID: 0}
  m_PrefabAsset: {fileID: 0}
  m_GameObject: {fileID: 2782759640600044569}
  m_LocalRotation: {x: 0, y: 0, z: 0, w: 1}
  m_LocalPosition: {x: 0.38, y: 0.272, z: 1.78}
  m_LocalScale: {x: 1, y: 1, z: 1}
  m_Children: []
  m_Father: {fileID: 4625573096635793923}
  m_RootOrder: 3
  m_LocalEulerAnglesHint: {x: 0, y: 0, z: 0}
--- !u!1 &4473982860076917273
GameObject:
  m_ObjectHideFlags: 0
  m_CorrespondingSourceObject: {fileID: 0}
  m_PrefabInstance: {fileID: 0}
  m_PrefabAsset: {fileID: 0}
  serializedVersion: 6
  m_Component:
  - component: {fileID: 4625573096635793923}
  - component: {fileID: 5884841533200621103}
  - component: {fileID: 3581973789486298713}
  - component: {fileID: 9181018783039432908}
  - component: {fileID: 7930197010225358771}
  - component: {fileID: 4004256660799830866}
  - component: {fileID: 3822130015160111009}
  - component: {fileID: 7623018713978334046}
  m_Layer: 10
  m_Name: EnemyAk
  m_TagString: Enemy
  m_Icon: {fileID: 0}
  m_NavMeshLayer: 0
  m_StaticEditorFlags: 0
  m_IsActive: 1
--- !u!4 &4625573096635793923
Transform:
  m_ObjectHideFlags: 0
  m_CorrespondingSourceObject: {fileID: 0}
  m_PrefabInstance: {fileID: 0}
  m_PrefabAsset: {fileID: 0}
  m_GameObject: {fileID: 4473982860076917273}
  m_LocalRotation: {x: 0, y: 0, z: 0, w: 1}
  m_LocalPosition: {x: -0, y: 1.031, z: 0.058}
  m_LocalScale: {x: 0.89498025, y: 3.0579817, z: 0.8949835}
  m_Children:
  - {fileID: 8030350166367283632}
  - {fileID: 6804815660088713865}
  - {fileID: 6804815661820347471}
  - {fileID: 4502870388826249833}
  m_Father: {fileID: 0}
  m_RootOrder: 0
  m_LocalEulerAnglesHint: {x: 0, y: 0, z: 0}
--- !u!33 &5884841533200621103
MeshFilter:
  m_ObjectHideFlags: 0
  m_CorrespondingSourceObject: {fileID: 0}
  m_PrefabInstance: {fileID: 0}
  m_PrefabAsset: {fileID: 0}
  m_GameObject: {fileID: 4473982860076917273}
  m_Mesh: {fileID: 10202, guid: 0000000000000000e000000000000000, type: 0}
--- !u!23 &3581973789486298713
MeshRenderer:
  m_ObjectHideFlags: 0
  m_CorrespondingSourceObject: {fileID: 0}
  m_PrefabInstance: {fileID: 0}
  m_PrefabAsset: {fileID: 0}
  m_GameObject: {fileID: 4473982860076917273}
  m_Enabled: 0
  m_CastShadows: 1
  m_ReceiveShadows: 1
  m_DynamicOccludee: 1
  m_MotionVectors: 1
  m_LightProbeUsage: 1
  m_ReflectionProbeUsage: 1
  m_RayTracingMode: 2
  m_RenderingLayerMask: 1
  m_RendererPriority: 0
  m_Materials:
  - {fileID: 10303, guid: 0000000000000000f000000000000000, type: 0}
  m_StaticBatchInfo:
    firstSubMesh: 0
    subMeshCount: 0
  m_StaticBatchRoot: {fileID: 0}
  m_ProbeAnchor: {fileID: 0}
  m_LightProbeVolumeOverride: {fileID: 0}
  m_ScaleInLightmap: 1
  m_ReceiveGI: 1
  m_PreserveUVs: 0
  m_IgnoreNormalsForChartDetection: 0
  m_ImportantGI: 0
  m_StitchLightmapSeams: 1
  m_SelectedEditorRenderState: 3
  m_MinimumChartSize: 4
  m_AutoUVMaxDistance: 0.5
  m_AutoUVMaxAngle: 89
  m_LightmapParameters: {fileID: 0}
  m_SortingLayerID: 0
  m_SortingLayer: 0
  m_SortingOrder: 0
--- !u!65 &9181018783039432908
BoxCollider:
  m_ObjectHideFlags: 0
  m_CorrespondingSourceObject: {fileID: 0}
  m_PrefabInstance: {fileID: 0}
  m_PrefabAsset: {fileID: 0}
  m_GameObject: {fileID: 4473982860076917273}
  m_Material: {fileID: 0}
  m_IsTrigger: 0
  m_Enabled: 1
  serializedVersion: 2
  m_Size: {x: 1, y: 1, z: 1}
  m_Center: {x: 0, y: 0, z: 0}
--- !u!95 &7930197010225358771
Animator:
  serializedVersion: 3
  m_ObjectHideFlags: 0
  m_CorrespondingSourceObject: {fileID: 0}
  m_PrefabInstance: {fileID: 0}
  m_PrefabAsset: {fileID: 0}
  m_GameObject: {fileID: 4473982860076917273}
  m_Enabled: 1
  m_Avatar: {fileID: 9000000, guid: fcb334eb247ae3e488abb081c847cf09, type: 3}
  m_Controller: {fileID: 9100000, guid: 51df77aaacfaaf94fb56d99ee21eb234, type: 2}
  m_CullingMode: 0
  m_UpdateMode: 0
  m_ApplyRootMotion: 0
  m_LinearVelocityBlending: 0
  m_WarningMessage: 
  m_HasTransformHierarchy: 1
  m_AllowConstantClipSamplingOptimization: 1
  m_KeepAnimatorControllerStateOnDisable: 0
--- !u!195 &4004256660799830866
NavMeshAgent:
  m_ObjectHideFlags: 0
  m_CorrespondingSourceObject: {fileID: 0}
  m_PrefabInstance: {fileID: 0}
  m_PrefabAsset: {fileID: 0}
  m_GameObject: {fileID: 4473982860076917273}
  m_Enabled: 1
  m_AgentTypeID: 0
  m_Radius: 0.50000006
  m_Speed: 8
  m_Acceleration: 8
  avoidancePriority: 50
  m_AngularSpeed: 120
  m_StoppingDistance: 0
  m_AutoTraverseOffMeshLink: 1
  m_AutoBraking: 1
  m_AutoRepath: 1
  m_Height: 1
  m_BaseOffset: 0.5
  m_WalkableMask: 4294967295
  m_ObstacleAvoidanceType: 4
--- !u!114 &3822130015160111009
MonoBehaviour:
  m_ObjectHideFlags: 0
  m_CorrespondingSourceObject: {fileID: 0}
  m_PrefabInstance: {fileID: 0}
  m_PrefabAsset: {fileID: 0}
  m_GameObject: {fileID: 4473982860076917273}
  m_Enabled: 1
  m_EditorHideFlags: 0
  m_Script: {fileID: 11500000, guid: 86fbe250dbd83fa4e9ecf324b1e64546, type: 3}
  m_Name: 
  m_EditorClassIdentifier: 
  agent: {fileID: 0}
  scoreEnemy: 5
  scoreBox: {fileID: 3761619737076632149, guid: ed78630bfb492824482b091d5b737bc3,
    type: 3}
  gunToSpawn: {fileID: 4226881799519864586, guid: a0afae64d542f28448367194113e9fbd,
    type: 3}
  player: {fileID: 0}
  attackPoint: {fileID: 6804815660088713864}
  gunSpawn: {fileID: 2782759640600044569}
  whatIsGround:
    serializedVersion: 2
    m_Bits: 256
  whatIsPlayer:
    serializedVersion: 2
    m_Bits: 512
  health: 100
  walkPoint: {x: 0, y: 0, z: 0}
  walkPointRange: 10
  timeBetweenAttacks: 1
  executeAttackScript: 0
  damage: 20
  sightRange: 200
  attackRange: 30
  playerInSightRange: 0
  playerInAttackRange: 0
--- !u!114 &7623018713978334046
MonoBehaviour:
  m_ObjectHideFlags: 0
  m_CorrespondingSourceObject: {fileID: 0}
  m_PrefabInstance: {fileID: 0}
  m_PrefabAsset: {fileID: 0}
  m_GameObject: {fileID: 4473982860076917273}
  m_Enabled: 1
  m_EditorHideFlags: 0
  m_Script: {fileID: 11500000, guid: 411060de4483b5e4c9847cd3cbc18554, type: 3}
  m_Name: 
  m_EditorClassIdentifier: 
  targetColor: {r: 1, g: 0, b: 0, a: 1}
  needBoxIndicator: 1
  needArrowIndicator: 1
  needDistanceText: 0
  indicator: {fileID: 0}
--- !u!1 &6804815660088713864
GameObject:
  m_ObjectHideFlags: 0
  m_CorrespondingSourceObject: {fileID: 0}
  m_PrefabInstance: {fileID: 0}
  m_PrefabAsset: {fileID: 0}
  serializedVersion: 6
  m_Component:
  - component: {fileID: 6804815660088713865}
  - component: {fileID: 6648607209690367811}
  m_Layer: 0
  m_Name: Attack Point
  m_TagString: Untagged
  m_Icon: {fileID: 0}
  m_NavMeshLayer: 0
  m_StaticEditorFlags: 0
  m_IsActive: 1
--- !u!4 &6804815660088713865
Transform:
  m_ObjectHideFlags: 0
  m_CorrespondingSourceObject: {fileID: 0}
  m_PrefabInstance: {fileID: 0}
  m_PrefabAsset: {fileID: 0}
  m_GameObject: {fileID: 6804815660088713864}
  m_LocalRotation: {x: -0, y: -0, z: -0, w: 1}
  m_LocalPosition: {x: 0, y: -0.378, z: 1.2779243}
  m_LocalScale: {x: 0.3007672, y: 0.0880256, z: 6.6837077}
  m_Children: []
  m_Father: {fileID: 4625573096635793923}
  m_RootOrder: 1
  m_LocalEulerAnglesHint: {x: 0, y: 0, z: 0}
--- !u!114 &6648607209690367811
MonoBehaviour:
  m_ObjectHideFlags: 0
  m_CorrespondingSourceObject: {fileID: 0}
  m_PrefabInstance: {fileID: 0}
  m_PrefabAsset: {fileID: 0}
  m_GameObject: {fileID: 6804815660088713864}
  m_Enabled: 1
  m_EditorHideFlags: 0
  m_Script: {fileID: 11500000, guid: fe1b68467a9b95642ab941aef51d96fc, type: 3}
  m_Name: 
  m_EditorClassIdentifier: 
  automaticGun: 1
  shotGun: 0
  canon: {fileID: 6804815660088713864}
  actualBullet: 0
  Magazine: 27
  timeBetweenShooting: 0.05
  recharge: 1
  shootForce: 0
  shoot: 0
  reload: 0
  spread: 0.02
  bulletsShots: 0
  bulletsPerTap: 1
  shotGunSound: {fileID: 0}
  whatIsPlayer:
    serializedVersion: 2
    m_Bits: 512
  nullHitPoint: {fileID: 6804815661820347470}
  damage: 3
  muzzleFlash: {fileID: 100006, guid: 30b4cc2728d8cec499fad63ba93785a4, type: 3}
  muzzlePosition: {fileID: 2782759640600044569}
--- !u!1 &6804815661820347470
GameObject:
  m_ObjectHideFlags: 0
  m_CorrespondingSourceObject: {fileID: 0}
  m_PrefabInstance: {fileID: 0}
  m_PrefabAsset: {fileID: 0}
  serializedVersion: 6
  m_Component:
  - component: {fileID: 6804815661820347471}
  m_Layer: 0
  m_Name: nullHitPoint
  m_TagString: Untagged
  m_Icon: {fileID: 0}
  m_NavMeshLayer: 0
  m_StaticEditorFlags: 0
  m_IsActive: 1
--- !u!4 &6804815661820347471
Transform:
  m_ObjectHideFlags: 0
  m_CorrespondingSourceObject: {fileID: 0}
  m_PrefabInstance: {fileID: 0}
  m_PrefabAsset: {fileID: 0}
  m_GameObject: {fileID: 6804815661820347470}
  m_LocalRotation: {x: -0, y: -0, z: -0, w: 1}
  m_LocalPosition: {x: 0, y: -0.5011591, z: 315.13602}
  m_LocalScale: {x: 0.50127864, y: 0.14670931, z: 8.02045}
  m_Children: []
  m_Father: {fileID: 4625573096635793923}
  m_RootOrder: 2
  m_LocalEulerAnglesHint: {x: 0, y: 0, z: 0}
--- !u!1001 &8030350166367417100
PrefabInstance:
  m_ObjectHideFlags: 0
  serializedVersion: 2
  m_Modification:
    m_TransformParent: {fileID: 4625573096635793923}
    m_Modifications:
    - target: {fileID: 100060, guid: fcb334eb247ae3e488abb081c847cf09, type: 3}
      propertyPath: m_Name
      value: Soldier_Burst
      objectReference: {fileID: 0}
    - target: {fileID: 400000, guid: fcb334eb247ae3e488abb081c847cf09, type: 3}
      propertyPath: m_LocalRotation.x
      value: -0.46506345
      objectReference: {fileID: 0}
    - target: {fileID: 400000, guid: fcb334eb247ae3e488abb081c847cf09, type: 3}
      propertyPath: m_LocalRotation.y
      value: 0.48931393
      objectReference: {fileID: 0}
    - target: {fileID: 400000, guid: fcb334eb247ae3e488abb081c847cf09, type: 3}
      propertyPath: m_LocalRotation.z
      value: 0.54359925
      objectReference: {fileID: 0}
    - target: {fileID: 400000, guid: fcb334eb247ae3e488abb081c847cf09, type: 3}
      propertyPath: m_LocalRotation.w
      value: 0.49878636
      objectReference: {fileID: 0}
    - target: {fileID: 400000, guid: fcb334eb247ae3e488abb081c847cf09, type: 3}
      propertyPath: m_LocalPosition.x
      value: 0.0012678852
      objectReference: {fileID: 0}
    - target: {fileID: 400000, guid: fcb334eb247ae3e488abb081c847cf09, type: 3}
      propertyPath: m_LocalPosition.y
      value: 1.1984864
      objectReference: {fileID: 0}
    - target: {fileID: 400000, guid: fcb334eb247ae3e488abb081c847cf09, type: 3}
      propertyPath: m_LocalPosition.z
      value: -0.10146641
      objectReference: {fileID: 0}
    - target: {fileID: 400004, guid: fcb334eb247ae3e488abb081c847cf09, type: 3}
      propertyPath: m_LocalRotation.x
      value: 0.38261864
      objectReference: {fileID: 0}
    - target: {fileID: 400004, guid: fcb334eb247ae3e488abb081c847cf09, type: 3}
      propertyPath: m_LocalRotation.y
      value: 0.086051084
      objectReference: {fileID: 0}
    - target: {fileID: 400004, guid: fcb334eb247ae3e488abb081c847cf09, type: 3}
      propertyPath: m_LocalRotation.z
      value: 0.15598519
      objectReference: {fileID: 0}
    - target: {fileID: 400004, guid: fcb334eb247ae3e488abb081c847cf09, type: 3}
      propertyPath: m_LocalRotation.w
      value: 0.9065687
      objectReference: {fileID: 0}
    - target: {fileID: 400004, guid: fcb334eb247ae3e488abb081c847cf09, type: 3}
      propertyPath: m_LocalPosition.y
      value: -0.00000009689331
      objectReference: {fileID: 0}
    - target: {fileID: 400004, guid: fcb334eb247ae3e488abb081c847cf09, type: 3}
      propertyPath: m_LocalPosition.z
      value: 0
      objectReference: {fileID: 0}
    - target: {fileID: 400008, guid: fcb334eb247ae3e488abb081c847cf09, type: 3}
      propertyPath: m_LocalRotation.x
      value: -7.251122e-10
      objectReference: {fileID: 0}
    - target: {fileID: 400008, guid: fcb334eb247ae3e488abb081c847cf09, type: 3}
      propertyPath: m_LocalRotation.y
      value: 0.0000000036835908
      objectReference: {fileID: 0}
    - target: {fileID: 400008, guid: fcb334eb247ae3e488abb081c847cf09, type: 3}
      propertyPath: m_LocalRotation.z
      value: 0.31335053
      objectReference: {fileID: 0}
    - target: {fileID: 400008, guid: fcb334eb247ae3e488abb081c847cf09, type: 3}
      propertyPath: m_LocalRotation.w
      value: 0.94963753
      objectReference: {fileID: 0}
    - target: {fileID: 400008, guid: fcb334eb247ae3e488abb081c847cf09, type: 3}
      propertyPath: m_LocalPosition.y
      value: 0
      objectReference: {fileID: 0}
    - target: {fileID: 400008, guid: fcb334eb247ae3e488abb081c847cf09, type: 3}
      propertyPath: m_LocalPosition.z
      value: 0
      objectReference: {fileID: 0}
    - target: {fileID: 400008, guid: fcb334eb247ae3e488abb081c847cf09, type: 3}
      propertyPath: m_LocalPosition.x
      value: -0.62975687
      objectReference: {fileID: 0}
    - target: {fileID: 400010, guid: fcb334eb247ae3e488abb081c847cf09, type: 3}
      propertyPath: m_LocalRotation.x
      value: -0.67767733
      objectReference: {fileID: 0}
    - target: {fileID: 400010, guid: fcb334eb247ae3e488abb081c847cf09, type: 3}
      propertyPath: m_LocalRotation.y
      value: -0.078473344
      objectReference: {fileID: 0}
    - target: {fileID: 400010, guid: fcb334eb247ae3e488abb081c847cf09, type: 3}
      propertyPath: m_LocalRotation.z
      value: 0.72755116
      objectReference: {fileID: 0}
    - target: {fileID: 400010, guid: fcb334eb247ae3e488abb081c847cf09, type: 3}
      propertyPath: m_LocalRotation.w
      value: 0.072559275
      objectReference: {fileID: 0}
    - target: {fileID: 400010, guid: fcb334eb247ae3e488abb081c847cf09, type: 3}
      propertyPath: m_LocalPosition.x
      value: -0.29195416
      objectReference: {fileID: 0}
    - target: {fileID: 400010, guid: fcb334eb247ae3e488abb081c847cf09, type: 3}
      propertyPath: m_LocalPosition.y
      value: -0.0003440197
      objectReference: {fileID: 0}
    - target: {fileID: 400010, guid: fcb334eb247ae3e488abb081c847cf09, type: 3}
      propertyPath: m_LocalPosition.z
      value: 0.08171381
      objectReference: {fileID: 0}
    - target: {fileID: 400012, guid: fcb334eb247ae3e488abb081c847cf09, type: 3}
      propertyPath: m_LocalRotation.x
      value: -0.09949543
      objectReference: {fileID: 0}
    - target: {fileID: 400012, guid: fcb334eb247ae3e488abb081c847cf09, type: 3}
      propertyPath: m_LocalRotation.y
      value: 0.025532493
      objectReference: {fileID: 0}
    - target: {fileID: 400012, guid: fcb334eb247ae3e488abb081c847cf09, type: 3}
      propertyPath: m_LocalRotation.z
      value: -0.2558289
      objectReference: {fileID: 0}
    - target: {fileID: 400012, guid: fcb334eb247ae3e488abb081c847cf09, type: 3}
      propertyPath: m_LocalRotation.w
      value: 0.96124935
      objectReference: {fileID: 0}
    - target: {fileID: 400012, guid: fcb334eb247ae3e488abb081c847cf09, type: 3}
      propertyPath: m_LocalPosition.x
      value: -0.13174458
      objectReference: {fileID: 0}
    - target: {fileID: 400012, guid: fcb334eb247ae3e488abb081c847cf09, type: 3}
      propertyPath: m_LocalPosition.y
      value: -0.00000009689331
      objectReference: {fileID: 0}
    - target: {fileID: 400012, guid: fcb334eb247ae3e488abb081c847cf09, type: 3}
      propertyPath: m_LocalPosition.z
      value: 0.00000019378662
      objectReference: {fileID: 0}
    - target: {fileID: 400016, guid: fcb334eb247ae3e488abb081c847cf09, type: 3}
      propertyPath: m_LocalRotation.x
      value: -0.06645426
      objectReference: {fileID: 0}
    - target: {fileID: 400016, guid: fcb334eb247ae3e488abb081c847cf09, type: 3}
      propertyPath: m_LocalRotation.y
      value: 0.052983455
      objectReference: {fileID: 0}
    - target: {fileID: 400016, guid: fcb334eb247ae3e488abb081c847cf09, type: 3}
      propertyPath: m_LocalRotation.z
      value: -0.062225137
      objectReference: {fileID: 0}
    - target: {fileID: 400016, guid: fcb334eb247ae3e488abb081c847cf09, type: 3}
      propertyPath: m_LocalRotation.w
      value: 0.99443686
      objectReference: {fileID: 0}
    - target: {fileID: 400016, guid: fcb334eb247ae3e488abb081c847cf09, type: 3}
      propertyPath: m_LocalPosition.x
      value: -0.5100934
      objectReference: {fileID: 0}
    - target: {fileID: 400016, guid: fcb334eb247ae3e488abb081c847cf09, type: 3}
      propertyPath: m_LocalPosition.y
      value: -0.000000024223327
      objectReference: {fileID: 0}
    - target: {fileID: 400016, guid: fcb334eb247ae3e488abb081c847cf09, type: 3}
      propertyPath: m_LocalPosition.z
      value: 0
      objectReference: {fileID: 0}
    - target: {fileID: 400018, guid: fcb334eb247ae3e488abb081c847cf09, type: 3}
      propertyPath: m_LocalRotation.x
      value: 0.000000048850968
      objectReference: {fileID: 0}
    - target: {fileID: 400018, guid: fcb334eb247ae3e488abb081c847cf09, type: 3}
      propertyPath: m_LocalRotation.y
      value: -0.00000007634942
      objectReference: {fileID: 0}
    - target: {fileID: 400018, guid: fcb334eb247ae3e488abb081c847cf09, type: 3}
      propertyPath: m_LocalRotation.z
      value: 0.67010057
      objectReference: {fileID: 0}
    - target: {fileID: 400018, guid: fcb334eb247ae3e488abb081c847cf09, type: 3}
      propertyPath: m_LocalRotation.w
      value: 0.74227035
      objectReference: {fileID: 0}
    - target: {fileID: 400018, guid: fcb334eb247ae3e488abb081c847cf09, type: 3}
      propertyPath: m_LocalPosition.x
      value: -0.43241614
      objectReference: {fileID: 0}
    - target: {fileID: 400018, guid: fcb334eb247ae3e488abb081c847cf09, type: 3}
      propertyPath: m_LocalPosition.y
      value: 0
      objectReference: {fileID: 0}
    - target: {fileID: 400018, guid: fcb334eb247ae3e488abb081c847cf09, type: 3}
      propertyPath: m_LocalPosition.z
      value: 0
      objectReference: {fileID: 0}
    - target: {fileID: 400020, guid: fcb334eb247ae3e488abb081c847cf09, type: 3}
      propertyPath: m_LocalRotation.x
      value: 0.9688232
      objectReference: {fileID: 0}
    - target: {fileID: 400020, guid: fcb334eb247ae3e488abb081c847cf09, type: 3}
      propertyPath: m_LocalRotation.y
      value: 0.1525741
      objectReference: {fileID: 0}
    - target: {fileID: 400020, guid: fcb334eb247ae3e488abb081c847cf09, type: 3}
      propertyPath: m_LocalRotation.z
      value: 0.095583364
      objectReference: {fileID: 0}
    - target: {fileID: 400020, guid: fcb334eb247ae3e488abb081c847cf09, type: 3}
      propertyPath: m_LocalRotation.w
      value: 0.1701958
      objectReference: {fileID: 0}
    - target: {fileID: 400020, guid: fcb334eb247ae3e488abb081c847cf09, type: 3}
      propertyPath: m_LocalPosition.x
      value: -0.38681605
      objectReference: {fileID: 0}
    - target: {fileID: 400020, guid: fcb334eb247ae3e488abb081c847cf09, type: 3}
      propertyPath: m_LocalPosition.y
      value: 0
      objectReference: {fileID: 0}
    - target: {fileID: 400020, guid: fcb334eb247ae3e488abb081c847cf09, type: 3}
      propertyPath: m_LocalPosition.z
      value: 0
      objectReference: {fileID: 0}
    - target: {fileID: 400022, guid: fcb334eb247ae3e488abb081c847cf09, type: 3}
      propertyPath: m_LocalRotation.x
      value: -0.25984344
      objectReference: {fileID: 0}
    - target: {fileID: 400022, guid: fcb334eb247ae3e488abb081c847cf09, type: 3}
      propertyPath: m_LocalRotation.y
      value: 0.93467474
      objectReference: {fileID: 0}
    - target: {fileID: 400022, guid: fcb334eb247ae3e488abb081c847cf09, type: 3}
      propertyPath: m_LocalRotation.z
      value: 0.22464514
      objectReference: {fileID: 0}
    - target: {fileID: 400022, guid: fcb334eb247ae3e488abb081c847cf09, type: 3}
      propertyPath: m_LocalRotation.w
      value: 0.091647044
      objectReference: {fileID: 0}
    - target: {fileID: 400022, guid: fcb334eb247ae3e488abb081c847cf09, type: 3}
      propertyPath: m_LocalPosition.y
      value: 0.0000002664566
      objectReference: {fileID: 0}
    - target: {fileID: 400022, guid: fcb334eb247ae3e488abb081c847cf09, type: 3}
      propertyPath: m_LocalPosition.z
      value: 0.1651241
      objectReference: {fileID: 0}
    - target: {fileID: 400024, guid: fcb334eb247ae3e488abb081c847cf09, type: 3}
      propertyPath: m_LocalRotation.x
      value: 0.022073109
      objectReference: {fileID: 0}
    - target: {fileID: 400024, guid: fcb334eb247ae3e488abb081c847cf09, type: 3}
      propertyPath: m_LocalRotation.y
      value: 0.022110695
      objectReference: {fileID: 0}
    - target: {fileID: 400024, guid: fcb334eb247ae3e488abb081c847cf09, type: 3}
      propertyPath: m_LocalRotation.z
      value: -0.7069332
      objectReference: {fileID: 0}
    - target: {fileID: 400024, guid: fcb334eb247ae3e488abb081c847cf09, type: 3}
      propertyPath: m_LocalRotation.w
      value: 0.70658994
      objectReference: {fileID: 0}
    - target: {fileID: 400024, guid: fcb334eb247ae3e488abb081c847cf09, type: 3}
      propertyPath: m_LocalPosition.x
      value: -0.13381287
      objectReference: {fileID: 0}
    - target: {fileID: 400024, guid: fcb334eb247ae3e488abb081c847cf09, type: 3}
      propertyPath: m_LocalPosition.z
      value: -0.000000024223327
      objectReference: {fileID: 0}
    - target: {fileID: 400028, guid: fcb334eb247ae3e488abb081c847cf09, type: 3}
      propertyPath: m_LocalRotation.x
      value: -0.23251262
      objectReference: {fileID: 0}
    - target: {fileID: 400028, guid: fcb334eb247ae3e488abb081c847cf09, type: 3}
      propertyPath: m_LocalRotation.y
      value: -0.27054793
      objectReference: {fileID: 0}
    - target: {fileID: 400028, guid: fcb334eb247ae3e488abb081c847cf09, type: 3}
      propertyPath: m_LocalRotation.z
      value: 0.3605438
      objectReference: {fileID: 0}
    - target: {fileID: 400028, guid: fcb334eb247ae3e488abb081c847cf09, type: 3}
      propertyPath: m_LocalRotation.w
      value: 0.8618294
      objectReference: {fileID: 0}
    - target: {fileID: 400028, guid: fcb334eb247ae3e488abb081c847cf09, type: 3}
      propertyPath: m_LocalPosition.x
      value: -0.19370848
      objectReference: {fileID: 0}
    - target: {fileID: 400028, guid: fcb334eb247ae3e488abb081c847cf09, type: 3}
      propertyPath: m_LocalPosition.y
      value: 0
      objectReference: {fileID: 0}
    - target: {fileID: 400028, guid: fcb334eb247ae3e488abb081c847cf09, type: 3}
      propertyPath: m_LocalPosition.z
      value: 0
      objectReference: {fileID: 0}
    - target: {fileID: 400030, guid: fcb334eb247ae3e488abb081c847cf09, type: 3}
      propertyPath: m_LocalRotation.x
      value: -0.000000015204783
      objectReference: {fileID: 0}
    - target: {fileID: 400030, guid: fcb334eb247ae3e488abb081c847cf09, type: 3}
      propertyPath: m_LocalRotation.y
      value: 0.00000038523157
      objectReference: {fileID: 0}
    - target: {fileID: 400030, guid: fcb334eb247ae3e488abb081c847cf09, type: 3}
      propertyPath: m_LocalPosition.x
      value: -0.3653303
      objectReference: {fileID: 0}
    - target: {fileID: 400030, guid: fcb334eb247ae3e488abb081c847cf09, type: 3}
      propertyPath: m_LocalPosition.y
      value: 0.017163536
      objectReference: {fileID: 0}
    - target: {fileID: 400030, guid: fcb334eb247ae3e488abb081c847cf09, type: 3}
      propertyPath: m_LocalPosition.z
      value: 0.000000024223327
      objectReference: {fileID: 0}
    - target: {fileID: 400032, guid: fcb334eb247ae3e488abb081c847cf09, type: 3}
      propertyPath: m_LocalRotation.x
      value: -0.5824996
      objectReference: {fileID: 0}
    - target: {fileID: 400032, guid: fcb334eb247ae3e488abb081c847cf09, type: 3}
      propertyPath: m_LocalRotation.y
      value: 0.35027927
      objectReference: {fileID: 0}
    - target: {fileID: 400032, guid: fcb334eb247ae3e488abb081c847cf09, type: 3}
      propertyPath: m_LocalRotation.z
      value: 0.62905735
      objectReference: {fileID: 0}
    - target: {fileID: 400032, guid: fcb334eb247ae3e488abb081c847cf09, type: 3}
      propertyPath: m_LocalRotation.w
      value: 0.37720746
      objectReference: {fileID: 0}
    - target: {fileID: 400034, guid: fcb334eb247ae3e488abb081c847cf09, type: 3}
      propertyPath: m_LocalRotation.x
      value: 0.0000000020506516
      objectReference: {fileID: 0}
    - target: {fileID: 400034, guid: fcb334eb247ae3e488abb081c847cf09, type: 3}
      propertyPath: m_LocalRotation.y
      value: -0.000000015222263
      objectReference: {fileID: 0}
    - target: {fileID: 400034, guid: fcb334eb247ae3e488abb081c847cf09, type: 3}
      propertyPath: m_LocalRotation.z
      value: 0.36988616
      objectReference: {fileID: 0}
    - target: {fileID: 400034, guid: fcb334eb247ae3e488abb081c847cf09, type: 3}
      propertyPath: m_LocalRotation.w
      value: 0.9290771
      objectReference: {fileID: 0}
    - target: {fileID: 400034, guid: fcb334eb247ae3e488abb081c847cf09, type: 3}
      propertyPath: m_LocalPosition.x
      value: -0.6297567
      objectReference: {fileID: 0}
    - target: {fileID: 400034, guid: fcb334eb247ae3e488abb081c847cf09, type: 3}
      propertyPath: m_LocalPosition.y
      value: 0.000000024223327
      objectReference: {fileID: 0}
    - target: {fileID: 400034, guid: fcb334eb247ae3e488abb081c847cf09, type: 3}
      propertyPath: m_LocalPosition.z
      value: 0.000000024223327
      objectReference: {fileID: 0}
    - target: {fileID: 400036, guid: fcb334eb247ae3e488abb081c847cf09, type: 3}
      propertyPath: m_LocalRotation.x
      value: 0.6141817
      objectReference: {fileID: 0}
    - target: {fileID: 400036, guid: fcb334eb247ae3e488abb081c847cf09, type: 3}
      propertyPath: m_LocalRotation.y
      value: -0.02247995
      objectReference: {fileID: 0}
    - target: {fileID: 400036, guid: fcb334eb247ae3e488abb081c847cf09, type: 3}
      propertyPath: m_LocalRotation.z
      value: 0.7886388
      objectReference: {fileID: 0}
    - target: {fileID: 400036, guid: fcb334eb247ae3e488abb081c847cf09, type: 3}
      propertyPath: m_LocalRotation.w
      value: -0.018011158
      objectReference: {fileID: 0}
    - target: {fileID: 400036, guid: fcb334eb247ae3e488abb081c847cf09, type: 3}
      propertyPath: m_LocalPosition.x
      value: -0.29195398
      objectReference: {fileID: 0}
    - target: {fileID: 400036, guid: fcb334eb247ae3e488abb081c847cf09, type: 3}
      propertyPath: m_LocalPosition.y
      value: -0.00034353524
      objectReference: {fileID: 0}
    - target: {fileID: 400036, guid: fcb334eb247ae3e488abb081c847cf09, type: 3}
      propertyPath: m_LocalPosition.z
      value: -0.08171381
      objectReference: {fileID: 0}
    - target: {fileID: 400038, guid: fcb334eb247ae3e488abb081c847cf09, type: 3}
      propertyPath: m_LocalRotation.x
      value: 0.070049435
      objectReference: {fileID: 0}
    - target: {fileID: 400038, guid: fcb334eb247ae3e488abb081c847cf09, type: 3}
      propertyPath: m_LocalRotation.y
      value: -0.03534729
      objectReference: {fileID: 0}
    - target: {fileID: 400038, guid: fcb334eb247ae3e488abb081c847cf09, type: 3}
      propertyPath: m_LocalRotation.z
      value: -0.43913326
      objectReference: {fileID: 0}
    - target: {fileID: 400038, guid: fcb334eb247ae3e488abb081c847cf09, type: 3}
      propertyPath: m_LocalRotation.w
      value: 0.8949892
      objectReference: {fileID: 0}
    - target: {fileID: 400038, guid: fcb334eb247ae3e488abb081c847cf09, type: 3}
      propertyPath: m_LocalPosition.x
      value: -0.13174465
      objectReference: {fileID: 0}
    - target: {fileID: 400038, guid: fcb334eb247ae3e488abb081c847cf09, type: 3}
      propertyPath: m_LocalPosition.y
      value: 0
      objectReference: {fileID: 0}
    - target: {fileID: 400038, guid: fcb334eb247ae3e488abb081c847cf09, type: 3}
      propertyPath: m_LocalPosition.z
      value: -0.00000019378662
      objectReference: {fileID: 0}
    - target: {fileID: 400042, guid: fcb334eb247ae3e488abb081c847cf09, type: 3}
      propertyPath: m_LocalRotation.x
      value: -0.08062639
      objectReference: {fileID: 0}
    - target: {fileID: 400042, guid: fcb334eb247ae3e488abb081c847cf09, type: 3}
      propertyPath: m_LocalRotation.y
      value: -0.040455483
      objectReference: {fileID: 0}
    - target: {fileID: 400042, guid: fcb334eb247ae3e488abb081c847cf09, type: 3}
      propertyPath: m_LocalRotation.z
      value: -0.24652974
      objectReference: {fileID: 0}
    - target: {fileID: 400042, guid: fcb334eb247ae3e488abb081c847cf09, type: 3}
      propertyPath: m_LocalRotation.w
      value: 0.9649279
      objectReference: {fileID: 0}
    - target: {fileID: 400042, guid: fcb334eb247ae3e488abb081c847cf09, type: 3}
      propertyPath: m_LocalPosition.x
      value: -0.51009345
      objectReference: {fileID: 0}
    - target: {fileID: 400042, guid: fcb334eb247ae3e488abb081c847cf09, type: 3}
      propertyPath: m_LocalPosition.y
      value: 0
      objectReference: {fileID: 0}
    - target: {fileID: 400042, guid: fcb334eb247ae3e488abb081c847cf09, type: 3}
      propertyPath: m_LocalPosition.z
      value: 0.000000024223327
      objectReference: {fileID: 0}
    - target: {fileID: 400044, guid: fcb334eb247ae3e488abb081c847cf09, type: 3}
      propertyPath: m_LocalRotation.x
      value: -0.000000033028247
      objectReference: {fileID: 0}
    - target: {fileID: 400044, guid: fcb334eb247ae3e488abb081c847cf09, type: 3}
      propertyPath: m_LocalRotation.y
      value: 0.0000000043997597
      objectReference: {fileID: 0}
    - target: {fileID: 400044, guid: fcb334eb247ae3e488abb081c847cf09, type: 3}
      propertyPath: m_LocalRotation.z
      value: 0.8275427
      objectReference: {fileID: 0}
    - target: {fileID: 400044, guid: fcb334eb247ae3e488abb081c847cf09, type: 3}
      propertyPath: m_LocalRotation.w
      value: 0.56140274
      objectReference: {fileID: 0}
    - target: {fileID: 400044, guid: fcb334eb247ae3e488abb081c847cf09, type: 3}
      propertyPath: m_LocalPosition.x
      value: -0.43241614
      objectReference: {fileID: 0}
    - target: {fileID: 400044, guid: fcb334eb247ae3e488abb081c847cf09, type: 3}
      propertyPath: m_LocalPosition.y
      value: -0.000000024223327
      objectReference: {fileID: 0}
    - target: {fileID: 400046, guid: fcb334eb247ae3e488abb081c847cf09, type: 3}
      propertyPath: m_LocalRotation.x
      value: 0.88063973
      objectReference: {fileID: 0}
    - target: {fileID: 400046, guid: fcb334eb247ae3e488abb081c847cf09, type: 3}
      propertyPath: m_LocalRotation.y
      value: -0.35427374
      objectReference: {fileID: 0}
    - target: {fileID: 400046, guid: fcb334eb247ae3e488abb081c847cf09, type: 3}
      propertyPath: m_LocalRotation.z
      value: -0.07857535
      objectReference: {fileID: 0}
    - target: {fileID: 400046, guid: fcb334eb247ae3e488abb081c847cf09, type: 3}
      propertyPath: m_LocalRotation.w
      value: 0.3046142
      objectReference: {fileID: 0}
    - target: {fileID: 400046, guid: fcb334eb247ae3e488abb081c847cf09, type: 3}
      propertyPath: m_LocalPosition.x
      value: -0.386816
      objectReference: {fileID: 0}
    - target: {fileID: 400046, guid: fcb334eb247ae3e488abb081c847cf09, type: 3}
      propertyPath: m_LocalPosition.y
      value: 0.00000009689331
      objectReference: {fileID: 0}
    - target: {fileID: 400046, guid: fcb334eb247ae3e488abb081c847cf09, type: 3}
      propertyPath: m_LocalPosition.z
      value: 0.00000019378662
      objectReference: {fileID: 0}
    - target: {fileID: 400048, guid: fcb334eb247ae3e488abb081c847cf09, type: 3}
      propertyPath: m_LocalRotation.x
      value: -0.16517526
      objectReference: {fileID: 0}
    - target: {fileID: 400048, guid: fcb334eb247ae3e488abb081c847cf09, type: 3}
      propertyPath: m_LocalRotation.y
      value: 0.98377633
      objectReference: {fileID: 0}
    - target: {fileID: 400048, guid: fcb334eb247ae3e488abb081c847cf09, type: 3}
      propertyPath: m_LocalRotation.z
      value: 0.029755464
      objectReference: {fileID: 0}
    - target: {fileID: 400048, guid: fcb334eb247ae3e488abb081c847cf09, type: 3}
      propertyPath: m_LocalRotation.w
      value: -0.06337154
      objectReference: {fileID: 0}
    - target: {fileID: 400048, guid: fcb334eb247ae3e488abb081c847cf09, type: 3}
      propertyPath: m_LocalPosition.y
      value: -0.0000001695633
      objectReference: {fileID: 0}
    - target: {fileID: 400048, guid: fcb334eb247ae3e488abb081c847cf09, type: 3}
      propertyPath: m_LocalPosition.z
      value: -0.16512406
      objectReference: {fileID: 0}
    - target: {fileID: 400048, guid: fcb334eb247ae3e488abb081c847cf09, type: 3}
      propertyPath: m_LocalPosition.x
      value: -0.00000029067994
      objectReference: {fileID: 0}
    - target: {fileID: 400050, guid: fcb334eb247ae3e488abb081c847cf09, type: 3}
      propertyPath: m_LocalRotation.x
      value: 0.00000021462608
      objectReference: {fileID: 0}
    - target: {fileID: 400050, guid: fcb334eb247ae3e488abb081c847cf09, type: 3}
      propertyPath: m_LocalRotation.y
      value: -0.0000003199932
      objectReference: {fileID: 0}
    - target: {fileID: 400050, guid: fcb334eb247ae3e488abb081c847cf09, type: 3}
      propertyPath: m_LocalRotation.z
      value: -0.7071067
      objectReference: {fileID: 0}
    - target: {fileID: 400050, guid: fcb334eb247ae3e488abb081c847cf09, type: 3}
      propertyPath: m_LocalPosition.y
      value: 0.14277285
      objectReference: {fileID: 0}
    - target: {fileID: 400050, guid: fcb334eb247ae3e488abb081c847cf09, type: 3}
      propertyPath: m_LocalPosition.z
      value: -0.000000048446655
      objectReference: {fileID: 0}
    - target: {fileID: 400054, guid: fcb334eb247ae3e488abb081c847cf09, type: 3}
      propertyPath: m_LocalRotation.x
      value: -0.054522473
      objectReference: {fileID: 0}
    - target: {fileID: 400054, guid: fcb334eb247ae3e488abb081c847cf09, type: 3}
      propertyPath: m_LocalRotation.y
      value: 0.19011544
      objectReference: {fileID: 0}
    - target: {fileID: 400054, guid: fcb334eb247ae3e488abb081c847cf09, type: 3}
      propertyPath: m_LocalRotation.z
      value: 0.59188586
      objectReference: {fileID: 0}
    - target: {fileID: 400054, guid: fcb334eb247ae3e488abb081c847cf09, type: 3}
      propertyPath: m_LocalRotation.w
      value: 0.78137994
      objectReference: {fileID: 0}
    - target: {fileID: 400054, guid: fcb334eb247ae3e488abb081c847cf09, type: 3}
      propertyPath: m_LocalPosition.x
      value: -0.19370845
      objectReference: {fileID: 0}
    - target: {fileID: 400054, guid: fcb334eb247ae3e488abb081c847cf09, type: 3}
      propertyPath: m_LocalPosition.y
      value: 0.000000048446655
      objectReference: {fileID: 0}
    - target: {fileID: 400054, guid: fcb334eb247ae3e488abb081c847cf09, type: 3}
      propertyPath: m_LocalPosition.z
      value: -0.00000019378662
      objectReference: {fileID: 0}
    - target: {fileID: 400056, guid: fcb334eb247ae3e488abb081c847cf09, type: 3}
      propertyPath: m_LocalRotation.x
      value: -0.015491396
      objectReference: {fileID: 0}
    - target: {fileID: 400056, guid: fcb334eb247ae3e488abb081c847cf09, type: 3}
      propertyPath: m_LocalRotation.y
      value: 0.011905258
      objectReference: {fileID: 0}
    - target: {fileID: 400056, guid: fcb334eb247ae3e488abb081c847cf09, type: 3}
      propertyPath: m_LocalRotation.z
      value: -0.046801716
      objectReference: {fileID: 0}
    - target: {fileID: 400056, guid: fcb334eb247ae3e488abb081c847cf09, type: 3}
      propertyPath: m_LocalRotation.w
      value: 0.99871314
      objectReference: {fileID: 0}
    - target: {fileID: 400056, guid: fcb334eb247ae3e488abb081c847cf09, type: 3}
      propertyPath: m_LocalPosition.x
      value: -0.15843451
      objectReference: {fileID: 0}
    - target: {fileID: 400056, guid: fcb334eb247ae3e488abb081c847cf09, type: 3}
      propertyPath: m_LocalPosition.y
      value: -0.000052007483
      objectReference: {fileID: 0}
    - target: {fileID: 400056, guid: fcb334eb247ae3e488abb081c847cf09, type: 3}
      propertyPath: m_LocalPosition.z
      value: 0.012081815
      objectReference: {fileID: 0}
    - target: {fileID: 400058, guid: fcb334eb247ae3e488abb081c847cf09, type: 3}
      propertyPath: m_LocalRotation.x
      value: -0.15007785
      objectReference: {fileID: 0}
    - target: {fileID: 400058, guid: fcb334eb247ae3e488abb081c847cf09, type: 3}
      propertyPath: m_LocalRotation.y
      value: 0.006169476
      objectReference: {fileID: 0}
    - target: {fileID: 400058, guid: fcb334eb247ae3e488abb081c847cf09, type: 3}
      propertyPath: m_LocalRotation.z
      value: -0.059970483
      objectReference: {fileID: 0}
    - target: {fileID: 400058, guid: fcb334eb247ae3e488abb081c847cf09, type: 3}
      propertyPath: m_LocalRotation.w
      value: 0.9868344
      objectReference: {fileID: 0}
    - target: {fileID: 400058, guid: fcb334eb247ae3e488abb081c847cf09, type: 3}
      propertyPath: m_LocalPosition.x
      value: -0.3153641
      objectReference: {fileID: 0}
    - target: {fileID: 400058, guid: fcb334eb247ae3e488abb081c847cf09, type: 3}
      propertyPath: m_LocalPosition.y
      value: -0.00022830487
      objectReference: {fileID: 0}
    - target: {fileID: 400058, guid: fcb334eb247ae3e488abb081c847cf09, type: 3}
      propertyPath: m_LocalPosition.z
      value: 0.00007153149
      objectReference: {fileID: 0}
    - target: {fileID: 400060, guid: fcb334eb247ae3e488abb081c847cf09, type: 3}
      propertyPath: m_LocalPosition.x
      value: 0
      objectReference: {fileID: 0}
    - target: {fileID: 400060, guid: fcb334eb247ae3e488abb081c847cf09, type: 3}
      propertyPath: m_LocalPosition.y
      value: -0.5011591
      objectReference: {fileID: 0}
    - target: {fileID: 400060, guid: fcb334eb247ae3e488abb081c847cf09, type: 3}
      propertyPath: m_LocalPosition.z
      value: 0.021387866
      objectReference: {fileID: 0}
    - target: {fileID: 400060, guid: fcb334eb247ae3e488abb081c847cf09, type: 3}
      propertyPath: m_LocalRotation.x
      value: -0
      objectReference: {fileID: 0}
    - target: {fileID: 400060, guid: fcb334eb247ae3e488abb081c847cf09, type: 3}
      propertyPath: m_LocalRotation.y
      value: -0
      objectReference: {fileID: 0}
    - target: {fileID: 400060, guid: fcb334eb247ae3e488abb081c847cf09, type: 3}
      propertyPath: m_LocalRotation.z
      value: -0
      objectReference: {fileID: 0}
    - target: {fileID: 400060, guid: fcb334eb247ae3e488abb081c847cf09, type: 3}
      propertyPath: m_LocalRotation.w
      value: 1
      objectReference: {fileID: 0}
    - target: {fileID: 400060, guid: fcb334eb247ae3e488abb081c847cf09, type: 3}
      propertyPath: m_RootOrder
      value: 0
      objectReference: {fileID: 0}
    - target: {fileID: 400060, guid: fcb334eb247ae3e488abb081c847cf09, type: 3}
      propertyPath: m_LocalEulerAnglesHint.x
      value: 0
      objectReference: {fileID: 0}
    - target: {fileID: 400060, guid: fcb334eb247ae3e488abb081c847cf09, type: 3}
      propertyPath: m_LocalEulerAnglesHint.y
      value: 0
      objectReference: {fileID: 0}
    - target: {fileID: 400060, guid: fcb334eb247ae3e488abb081c847cf09, type: 3}
      propertyPath: m_LocalEulerAnglesHint.z
      value: 0
      objectReference: {fileID: 0}
    - target: {fileID: 400060, guid: fcb334eb247ae3e488abb081c847cf09, type: 3}
      propertyPath: m_LocalScale.x
      value: 1.3367431
      objectReference: {fileID: 0}
    - target: {fileID: 400060, guid: fcb334eb247ae3e488abb081c847cf09, type: 3}
      propertyPath: m_LocalScale.y
      value: 0.39122486
      objectReference: {fileID: 0}
    - target: {fileID: 400060, guid: fcb334eb247ae3e488abb081c847cf09, type: 3}
      propertyPath: m_LocalScale.z
      value: 1.3367416
      objectReference: {fileID: 0}
    m_RemovedComponents: []
  m_SourcePrefab: {fileID: 100100000, guid: fcb334eb247ae3e488abb081c847cf09, type: 3}
--- !u!4 &8030350166367283632 stripped
Transform:
  m_CorrespondingSourceObject: {fileID: 400060, guid: fcb334eb247ae3e488abb081c847cf09,
    type: 3}
  m_PrefabInstance: {fileID: 8030350166367417100}
  m_PrefabAsset: {fileID: 0}
